<record><leader>00000cas a22000007a 4500</leader><controlfield tag="001">13139014</controlfield><controlfield tag="008">860211d19131918iducr ne      0    0eng d</controlfield><datafield ind1=" " ind2=" " tag="010"><subfield code="a">sn 86091104 </subfield></datafield><datafield ind1=" " ind2=" " tag="040"><subfield code="a">UNP</subfield><subfield code="b">eng</subfield><subfield code="c">UNP</subfield><subfield code="d">NVB</subfield><subfield code="d">OCLCQ</subfield><subfield code="d">OCLCF</subfield><subfield code="d">OCLCO</subfield></datafield><datafield ind1="1" ind2=" " tag="029"><subfield code="a">AU@</subfield><subfield code="b">000025795419</subfield></datafield><datafield ind1=" " ind2=" " tag="042"><subfield code="a">msc</subfield></datafield><datafield ind1=" " ind2=" " tag="043"><subfield code="a">n-us-id</subfield></datafield><datafield ind1=" " ind2="4" tag="050"><subfield code="a">AN2.I2</subfield><subfield code="b">R42</subfield></datafield><datafield ind1="0" ind2=" " tag="130"><subfield code="a">Record (Saint Maries, Idaho)</subfield></datafield><datafield ind1="1" ind2="4" tag="245"><subfield code="a">The record.</subfield></datafield><datafield ind1=" " ind2=" " tag="260"><subfield code="a">St. Maries, Idaho :</subfield><subfield code="b">O.B. &amp; C.B. Moon,</subfield><subfield code="c">1913-</subfield></datafield><datafield ind1=" " ind2=" " tag="300"><subfield code="a">v.</subfield></datafield><datafield ind1=" " ind2=" " tag="310"><subfield code="a">Semiweekly</subfield></datafield><datafield ind1="0" ind2=" " tag="362"><subfield code="a">Vol. 1, no. 1 (Apr. 29, 1913)-v. 6, no. 17 (June 7, 1918).</subfield></datafield><datafield ind1=" " ind2="0" tag="651"><subfield code="a">Saint Maries (Idaho)</subfield><subfield code="v">Newspapers.</subfield></datafield><datafield ind1=" " ind2="7" tag="655"><subfield code="a">Newspapers.</subfield><subfield code="2">fast</subfield><subfield code="0">(OCoLC)fst01423814</subfield></datafield><datafield ind1=" " ind2="7" tag="651"><subfield code="a">Idaho</subfield><subfield code="z">Saint Maries.</subfield><subfield code="2">fast</subfield><subfield code="0">(OCoLC)fst01206945</subfield></datafield><datafield ind1=" " ind2=" " tag="752"><subfield code="a">United States</subfield><subfield code="b">Idaho</subfield><subfield code="c">Kootenai</subfield><subfield code="d">Saint Maries.</subfield></datafield><datafield ind1=" " ind2=" " tag="752"><subfield code="a">United States</subfield><subfield code="b">Idaho</subfield><subfield code="c">Benewah</subfield><subfield code="d">Saint Maries.</subfield></datafield><datafield ind1="0" ind2="7" tag="785"><subfield code="t">St. Maries gazette</subfield><subfield code="w">(DLC)sn 86091105</subfield><subfield code="w">(OCoLC)13142021</subfield></datafield><datafield ind1="0" ind2="7" tag="785"><subfield code="t">St. Maries gazette-record</subfield><subfield code="w">(DLC)sn 86091106</subfield><subfield code="w">(OCoLC)13142084</subfield></datafield></record>